@article{chen2015peakvizor,
	title={Peakvizor: Visual analytics of peaks in video clickstreams from massive open online courses},
	author={Chen, Qing and Chen, Yuanzhe and Liu, Dongyu and Shi, Conglei and Wu, Yingcai and Qu, Huamin},
	journal={IEEE transactions on visualization and computer graphics},
	volume={22},
	number={10},
	pages={2315--2330},
	year={2015},
	publisher={IEEE}
}

@inproceedings{mu2019moocad,
	title={MOOCad: Visual Analysis of Anomalous Learning Activities in Massive Open Online Courses.},
	author={Mu, Xing and Xu, Ke and Chen, Qing and Du, Fan and Wang, Yun and Qu, Huamin},
	booktitle={EuroVis (Short Papers)},
	pages={91--95},
	year={2019}
}

@article{goulden2019ccvis,
	title={CCVis: Visual analytics of student online learning behaviors using course clickstream data},
	author={Goulden, Maggie Celeste and Gronda, Eric and Yang, Yurou and Zhang, Zihang and Tao, Jun and Wang, Chaoli and Duan, Xiaojing and Ambrose, G Alex and Abbott, Kevin and Miller, Patrick},
	journal={Electronic Imaging},
	volume={2019},
	number={1},
	pages={681--1},
	year={2019},
	publisher={Society for Imaging Science and Technology}
}

@inproceedings{he2019vuc,
	title={Vuc: Visualizing daily video utilization to promote student engagement in online distance education},
	author={He, Huan and Dong, Bo and Zheng, Qinghua and Li, Guobin},
	booktitle={Proceedings of the ACM Conference on Global Computing Education},
	pages={99--105},
	year={2019}
}

@article{chen2018viseq,
	title={ViSeq: Visual analytics of learning sequence in massive open online courses},
	author={Chen, Qing and Yue, Xuanwu and Plantaz, Xavier and Chen, Yuanzhe and Shi, Conglei and Pong, Ting-Chuen and Qu, Huamin},
	journal={IEEE transactions on visualization and computer graphics},
	volume={26},
	number={3},
	pages={1622--1636},
	year={2018},
	publisher={IEEE}
}

@article{zhao2014fluxflow,
	title={\# FluxFlow: Visual analysis of anomalous information spreading on social media},
	author={Zhao, Jian and Cao, Nan and Wen, Zhen and Song, Yale and Lin, Yu-Ru and Collins, Christopher},
	journal={IEEE transactions on visualization and computer graphics},
	volume={20},
	number={12},
	pages={1773--1782},
	year={2014},
	publisher={IEEE}
}

@article{law2018maqui,
	title={MAQUI: Interweaving queries and pattern mining for recursive event sequence exploration},
	author={Law, Po-Ming and Liu, Zhicheng and Malik, Sana and Basole, Rahul C},
	journal={IEEE transactions on visualization and computer graphics},
	volume={25},
	number={1},
	pages={396--406},
	year={2018},
	publisher={IEEE}
}

@inproceedings{malik2015cohort,
	title={Cohort comparison of event sequences with balanced integration of visual analytics and statistics},
	author={Malik, Sana and Du, Fan and Monroe, Megan and Onukwugha, Eberechukwu and Plaisant, Catherine and Shneiderman, Ben},
	booktitle={Proceedings of the 20th International Conference on Intelligent User Interfaces},
	pages={38--49},
	year={2015}
}

@inproceedings{wongsuphasawat2011outflow,
	title={Outflow: Visualizing patient flow by symptoms and outcome},
	author={Wongsuphasawat, Krist and Gotz, David},
	booktitle={IEEE VisWeek Workshop on Visual Analytics in Healthcare, Providence, Rhode Island, USA},
	pages={25--28},
	year={2011},
	organization={American Medical Informatics Association}
}

@article{guo2020survey,
	title={Survey on visual analysis of event sequence data},
	author={Guo, Yi and Guo, Shunan and Jin, Zhuochen and Kaul, Smiti and Gotz, David and Cao, Nan},
	journal={arXiv preprint arXiv:2006.14291},
	year={2020}
}

@inproceedings{silva2000visualization,
	title={Visualization of linear time-oriented data: a survey},
	author={Silva, S{\^o}nia Fernandes and Catarci, Tiziana},
	booktitle={Proceedings of the first international conference on web information systems engineering},
	volume={1},
	pages={310--319},
	year={2000},
	organization={IEEE}
}

@inproceedings{wongsuphasawat2011lifeflow,
	title={LifeFlow: visualizing an overview of event sequences},
	author={Wongsuphasawat, Krist and Guerra G{\'o}mez, John Alexis and Plaisant, Catherine and Wang, Taowei David and Taieb-Maimon, Meirav and Shneiderman, Ben},
	booktitle={Proceedings of the SIGCHI conference on human factors in computing systems},
	pages={1747--1756},
	year={2011}
}


@inproceedings{riehmann2005interactive,
	title={Interactive sankey diagrams},
	author={Riehmann, Patrick and Hanfler, Manfred and Froehlich, Bernd},
	booktitle={IEEE Symposium on Information Visualization, 2005. INFOVIS 2005.},
	pages={233--240},
	year={2005},
	organization={IEEE}
}

@article{gotz2019visual,
	title={Visual analysis of high-dimensional event sequence data via dynamic hierarchical aggregation},
	author={Gotz, David and Zhang, Jonathan and Wang, Wenyuan and Shrestha, Joshua and Borland, David},
	journal={IEEE transactions on visualization and computer graphics},
	volume={26},
	number={1},
	pages={440--450},
	year={2019},
	publisher={IEEE}
}

@inproceedings{wu2020visual,
	title={Visual analytics of multivariate event sequence data in racquet sports},
	author={Wu, Jiang and Guo, Ziyang and Wang, Zuobin and Xu, Qingyang and Wu, Yingcai},
	booktitle={2020 IEEE Conference on Visual Analytics Science and Technology (VAST)},
	pages={36--47},
	year={2020},
	organization={IEEE}
}

@article{malik2016high,
	title={High-volume hypothesis testing: Systematic exploration of event sequence comparisons},
	author={Malik, Sana and Shneiderman, Ben and Du, Fan and Plaisant, Catherine and Bjarnadottir, Margret},
	journal={ACM Transactions on Interactive Intelligent Systems (TiiS)},
	volume={6},
	number={1},
	pages={1--23},
	year={2016},
	publisher={ACM New York, NY, USA}
}

@article{cappers2017exploring,
	title={Exploring multivariate event sequences using rules, aggregations, and selections},
	author={Cappers, Bram CM and van Wijk, Jarke J},
	journal={IEEE transactions on visualization and computer graphics},
	volume={24},
	number={1},
	pages={532--541},
	year={2017},
	publisher={IEEE}
}

@inproceedings{zhao2015matrixwave,
	title={Matrixwave: Visual comparison of event sequence data},
	author={Zhao, Jian and Liu, Zhicheng and Dontcheva, Mira and Hertzmann, Aaron and Wilson, Alan},
	booktitle={Proceedings of the 33rd Annual ACM Conference on Human Factors in Computing Systems},
	pages={259--268},
	year={2015}
}

@article{jo2014livegantt,
	title={LiveGantt: Interactively visualizing a large manufacturing schedule},
	author={Jo, Jaemin and Huh, Jaeseok and Park, Jonghun and Kim, Bohyoung and Seo, Jinwook},
	journal={IEEE transactions on visualization and computer graphics},
	volume={20},
	number={12},
	pages={2329--2338},
	year={2014},
	publisher={IEEE}
}

@inproceedings{plaisant1996lifelines,
	title={LifeLines: visualizing personal histories},
	author={Plaisant, Catherine and Milash, Brett and Rose, Anne and Widoff, Seth and Shneiderman, Ben},
	booktitle={Proceedings of the SIGCHI conference on Human factors in computing systems},
	pages={221--227},
	year={1996}
}

@inproceedings{gathani2020debugging,
  title={Debugging database queries: A survey of tools, techniques, and users},
  author={Gathani, Sneha and Lim, Peter and Battle, Leilani},
  booktitle={Proceedings of the 2020 CHI Conference on Human Factors in Computing Systems},
  pages={1--16},
  year={2020}
}

@article{gatterbauer2011databases,
  title={Databases will visualize queries too},
  author={Gatterbauer, Wolfgang},
  journal={Proceedings of the VLDB Endowment},
  volume={4},
  number={12},
  pages={1498--1501},
  year={2011},
  publisher={VLDB Endowment}
}

@inproceedings{danaparamita2011queryviz,
  title={QueryViz: helping users understand SQL queries and their patterns},
  author={Danaparamita, Jonathan and Gatterbauer, Wolfgang},
  booktitle={Proceedings of the 14th International Conference on Extending Database Technology},
  pages={558--561},
  year={2011}
}
@inproceedings{leventidis2020queryvis,
  title={QueryVis: Logic-based diagrams help users understand complicated SQL queries faster},
  author={Leventidis, Aristotelis and Zhang, Jiahui and Dunne, Cody and Gatterbauer, Wolfgang and Jagadish, HV and Riedewald, Mirek},
  booktitle={Proceedings of the 2020 ACM SIGMOD International Conference on Management of Data},
  pages={2303--2318},
  year={2020}
}

@article{gawade2012stethoscope,
  title={Stethoscope: a platform for interactive visual analysis of query execution plans},
  author={Gawade, Mrunal and Kersten, Martin},
  journal={Proceedings of the VLDB Endowment},
  volume={5},
  number={12},
  pages={1926--1929},
  year={2012},
  publisher={VLDB Endowment}
}

@inproceedings{koutrika2010explaining,
  title={Explaining structured queries in natural language},
  author={Koutrika, Georgia and Simitsis, Alkis and Ioannidis, Yannis E},
  booktitle={2010 IEEE 26th International Conference on Data Engineering (ICDE 2010)},
  pages={333--344},
  year={2010},
  organization={IEEE}
}

@inproceedings{simitsis2014vqa,
  title={VQA: vertica query analyzer},
  author={Simitsis, Alkis and Wilkinson, Kevin and Blais, Jason and Walsh, Joe},
  booktitle={Proceedings of the 2014 ACM SIGMOD international conference on Management of data},
  pages={701--704},
  year={2014}
}

@inproceedings{moritz2015perfopticon,
	title={Perfopticon: Visual query analysis for distributed databases},
	author={Moritz, Dominik and Halperin, Daniel and Howe, Bill and Heer, Jeffrey},
	booktitle={Computer Graphics Forum},
	volume={34},
	number={3},
	pages={71--80},
	year={2015},
	organization={Wiley Online Library}
}

@misc{tez-ui,
	author = {Apache Software Foundation},
	editor = {{ Apache Software Foundation}},
	title = {Tez UI},
	url = {https://tez.apache.org/tez-ui.html},
	lastchecked = {2021-03-22},
	originalyear = {2019-03-29}
}
